<record><leader>00000cas a22000007a 4500</leader><controlfield tag="001">14362835</controlfield><controlfield tag="008">861008c19149999txuwr ne      0    0eng d</controlfield><datafield ind1=" " ind2=" " tag="010"><subfield code="a">sn 86089433 </subfield></datafield><datafield ind1=" " ind2=" " tag="040"><subfield code="a">PPM</subfield><subfield code="b">eng</subfield><subfield code="c">PPM</subfield><subfield code="d">OCLCQ</subfield></datafield><datafield ind1=" " ind2=" " tag="042"><subfield code="a">msc</subfield></datafield><datafield ind1="0" ind2="4" tag="245"><subfield code="a">The Slaton slatonite.</subfield></datafield><datafield ind1="1" ind2="7" tag="246"><subfield code="a">Slatonite</subfield></datafield><datafield ind1=" " ind2=" " tag="260"><subfield code="a">Slaton, Tex. :</subfield><subfield code="b">[s.n.]</subfield></datafield><datafield ind1=" " ind2=" " tag="300"><subfield code="a">v. :</subfield><subfield code="b">ill.</subfield></datafield><datafield ind1=" " ind2=" " tag="310"><subfield code="a">Weekly</subfield></datafield><datafield ind1="0" ind2=" " tag="362"><subfield code="a">Vol. 3, no. 21 (Jan. 23, 1914)-</subfield></datafield><datafield ind1=" " ind2=" " tag="752"><subfield code="a">United States</subfield><subfield code="b">Texas</subfield><subfield code="c">Lubbock</subfield><subfield code="d">Slaton.</subfield></datafield><datafield ind1="0" ind2="0" tag="780"><subfield code="t">Slatonite</subfield></datafield><datafield ind1="0" ind2="5" tag="780"><subfield code="t">Slaton times</subfield></datafield></record>